@article{Heslot:1994uc,
author = {Heslot, F and Baumberger, T and Perrin, B and Caroli, B and Caroli, C},
title = {{Creep, stick-slip, and dry-friction dynamics: Experiments and a heuristic model}},
journal = {Physical Review E},
year = {1994},
volume = {49},
number = {6},
pages = {4973},
annote = {(4975) (4974) (4975)}
}

@article{scott1994apparent,
  title={The apparent friction of granular fault gouge in sheared layers},
  author={Scott, David R and Marone, Chris J and Sammis, Charles G},
  journal={Journal of Geophysical Research: Solid Earth (1978--2012)},
  volume={99},
  number={B4},
  pages={7231--7246},
  year={1994},
  publisher={Wiley Online Library}
}

@article{beeler1994roles,
  title={The roles of time and displacement in the evolution effect in rock friction},
  author={Beeler, NM and Tullis, TE and Weeks, JD},
  journal={Geophysical Research Letters},
  volume={21},
  number={18},
  pages={1987--1990},
  year={1994},
  publisher={Wiley Online Library}
}

@article{karner1997laboratory,
  title={Laboratory study of fault healing and lithification in simulated fault gouge under hydrothermal conditions},
  author={Karner, Stephen L and Marone, Chris and Evans, Brian},
  journal={Tectonophysics},
  volume={277},
  number={1},
  pages={41--55},
  year={1997},
  publisher={Elsevier}
}

@article{dieterich1972time,
  title={Time-dependent friction in rocks},
  author={Dieterich, James H},
  journal={Journal of Geophysical Research},
  volume={77},
  number={20},
  pages={3690--3697},
  year={1972},
  publisher={Wiley Online Library}
}

@article{dieterich1978time,
  title={Time-dependent friction and the mechanics of stick-slip},
  author={Dieterich, James H},
  journal={Pure and applied geophysics},
  volume={116},
  number={4-5},
  pages={790--806},
  year={1978},
  publisher={Springer}
}


@article{ikari2013slip,
  title={Slip weakening as a mechanism for slow earthquakes},
  author={Ikari, Matt J and Marone, Chris and Saffer, Demian M and Kopf, Achim J},
  journal={Nature Geoscience},
  volume={6},
  number={6},
  pages={468--472},
  year={2013},
  publisher={Nature Publishing Group}
}

@article{Marone2015,
  author = {Marone, C. and Saffer, D.M.},
  title = {The Mechanics of Frictional Healing and Slip Instability During the Seismic Cycle},
  journal = {Treatise on Geophysics 2nd Ed.},
  year = {In Press},
}


@article{Anthony:2005jo,
  author = {Anthony, J L and Marone, C.},
  title = {{Influence of particle characteristics on granular friction}},
  journal = {Journal of Geophysical Research},
  year = {2005},
  volume = {110},
  number = {B8},
  pages = {B08409},
}


@article{Knuth:2007ci,
  author = {Knuth, Matthew and Marone, Chris},
  title = {{Friction of sheared granular layers: Role of particle dimensionality, surface roughness, and material properties}},
  journal = {Geochemistry Geophysics Geosystems},
  year = {2007},
  volume = {8},
  number = {3},
  month = {mar},
}


@article{Kaproth:2013jz,
  author = {Kaproth, B M and Marone, C.},
  title = {{Slow Earthquakes, Preseismic Velocity Changes, and the Origin of Slow Frictional Stick-Slip}},
  journal = {Science},
  year = {2013},
  volume = {341},
  number = {6151},
  pages = {1229--1232},
  month = {sep},
}


@article{Karner:2000tj,
  author = {Karner, Stephen L and Marone, Chris},
  title = {{Effects of loading rate and normal stress on stress drop and stick-slip recurrence interval}},
  journal = {Geophysical Monograph Series},
  year = {2000},
  volume = {120},
  pages = {187--198},
}


@article{Rathbun:2008ks,
  author = {Rathbun, Andrew P and Marone, Chris and Alley, Richard B and Anandakrishnan, Sridhar},
  title = {{Laboratory study of the frictional rheology of sheared till}},
  journal = {Journal of Geophysical Research},
  year = {2008},
  volume = {113},
  number = {F2},
  pages = {F02020},
  month = {jun},
}


@article{Liu:1995vx,
  author = {Liu, C h and Nagel, S R and Schecter, D A and Coppersmith, S N and Majumdar, S and Narayan, O and Witten, T A},
  title = {{A Model for Force Fluctuations in Bead Packs}},
  journal = {Science},
  year = {1995},
  volume = {269},
  pages = {513--515},
  month = {jul},
}


@article{Liu:1998wy,
  author = {Liu, Andrea J and Nagel, Sidney R},
  title = {{Nonlinear dynamics: Jamming is not just cool any more}},
  journal = {Nature},
  year = {1998},
  volume = {396},
  number = {6706},
  pages = {21--22},
}


@article{Cates:1998ie,
  title = {{Jamming, force chains, and fragile matter}},
  author = {Cates, ME and Wittmer, JP and Bouchaud, J-P and Claudin, Ph},
  journal = {Physical review letters},
  volume = {81},
  number = {9},
  pages = {1841},
  year = {1998},
  publisher = {APS},
}


@article{Boettcher:1999tn,
  author = {Boettcher, Margaret S},
  title = {{Numerical simulations of granular shear zones using the distinct element method 1. Shear zone kinematics and the micromechanics of localization}},
  journal = {Journal of Geophysical Research},
  year = {1999},
  volume = {104},
  number = {B2},
  pages = {2703--2719},
}


@article{Albert:2001hs,
  title = {{Granular drag on a discrete object: Shape effects on jamming}},
  author = {Albert, I and Sample, JG and Morss, AJ and Rajagopalan, S and Barab{\'a}si, A-L and Schiffer, P},
  journal = {Physical Review E},
  volume = {64},
  number = {6},
  pages = {061303},
  year = {2001},
  publisher = {APS},
}


@article{Aharonov:1999uo,
  author = {Aharonov, Einat and Sparks, David},
  title = {{Rigidity phase transition in granular packings}},
  journal = {Physical Review E},
  year = {1999},
  volume = {60},
  number = {6},
  pages = {6890},
}


@article{Mair:2002hu,
  author = {Mair, Karen and Frye, Kevin M and Marone, Chris},
  title = {{Influence of grain characteristics on the friction of granular shear zones}},
  journal = {Journal of Geophysical Research: Solid Earth (1978--2012)},
  year = {2002},
  volume = {107},
  number = {B10},
  pages = {ECV 4--1--ECV 4--9},
}


@article{Mair:2011fd,
  author = {Mair, K and Abe, S},
  title = {{Breaking Up: Comminution Mechanisms in Sheared Simulated Fault Gouge}},
  journal = {Pure and Applied Geophysics},
  year = {2011},
  volume = {168},
  number = {12},
  pages = {2277--2288},
  month = {feb},
}


@article{Yasuhara:2005ku,
  author = {Yasuhara, Hideaki},
  title = {{Fault zone restrengthening and frictional healing: The role of pressure solution}},
  journal = {Journal of Geophysical Research},
  year = {2005},
  volume = {110},
  number = {B6},
  pages = {B06310},
}


@article{Frye:2002jj,
  title = {{Effect of humidity on granular friction at room temperature}},
  author = {Frye, Kevin M and Marone, Chris},
  journal = {Journal of geophysical research},
  volume = {107},
  number = {B11},
  pages = {2309},
  year = {2002},
  publisher = {American Geophysical Union},
}


@article{Hong:2005gd,
  author = {Hong, Tiancong and Marone, Chris},
  title = {{Effects of normal stress perturbations on the frictional properties of simulated faults}},
  journal = {Geochemistry Geophysics Geosystems},
  year = {2005},
  volume = {6},
  number = {3},
  month = {mar},
}


@article{Beeler:2001tj,
  author = {Beeler, N M and Hickman, S H and Wong, T-f},
  title = {{Earthquake stress drop and laboratory{}inferred interseismic strength recovery}},
  journal = {Journal of Geophysical Research: Solid Earth (1978--2012)},
  year = {2001},
  volume = {106},
  number = {B12},
  pages = {30701--30713},
}


@article{Majmudar:2005bn,
  author = {Majmudar, T S and Behringer, R P},
  title = {{Contact force measurements and stress-induced anisotropy in granular materials}},
  journal = {Nature},
  year = {2005},
  volume = {435},
  number = {1079},
  pages = {1079--1082},
  month = {jun},
}


@book{scholz2002mechanics,
  title = {{The mechanics of earthquakes and faulting}},
  author = {Scholz, Christopher H},
  year = {2002},
  publisher = {Cambridge university press},
}


@article{Bilek:1999tr,
  author = {Bilek, Susan L and Lay, Thorne},
  title = {{Rigidity variations with depth along interplate megathrust faults in subduction zones}},
  journal = {Nature},
  year = {1999},
  volume = {400},
  number = {6743},
  pages = {443--446},
}


@article{Peng:2010il,
  author = {Peng, Zhigang and Gomberg, Joan},
  title = {{An integrated perspective of the continuum between earthquakes and slow-slip phenomena}},
  journal = {Nature Geoscience},
  year = {2010},
  volume = {3},
  number = {9},
  pages = {599--607},
  month = {aug},
}


@article{Obara:2002hp,
  author = {Obara, K},
  title = {{Nonvolcanic Deep Tremor Associated with Subduction in Southwest Japan}},
  journal = {Science},
  year = {2002},
  volume = {296},
  number = {5573},
  pages = {1679--1681},
  month = {may},
  annote = {},
}


@article{Ide:2007fi,
  author = {Ide, Satoshi and Shelly, David R and Beroza, Gregory C},
  title = {{Mechanism of deep low frequency earthquakes: Further evidence that deep non-volcanic tremor is generated by shear slip on the plate interface}},
  journal = {Geophysical Research Letters},
  year = {2007},
  volume = {34},
  number = {3},
  pages = {L03308},
  month = {feb},
  annote = {},
}


@article{Beroza:2011jk,
  author = {Beroza, Gregory C and Ide, Satoshi},
  title = {{Slow Earthquakes and Nonvolcanic Tremor}},
  journal = {Annual Review of Earth and Planetary Sciences},
  year = {2011},
  volume = {39},
  number = {1},
  pages = {271--296},
  month = {may},
}

@article{page1954continuous,
  title = {{Continuous inspection schemes}},
  author = {Page, ES},
  journal = {Biometrika},
  volume = {41},
  number = {1/2},
  pages = {100--115},
  year = {1954},
  publisher = {JSTOR},
}


@article{raimondo2004peaks,
  title = {{A peaks over threshold model for change-point detection by wavelets}},
  author = {Raimondo, Marc and Tajvidi, Nader},
  journal = {Statistica Sinica},
  volume = {14},
  number = {2},
  pages = {395--412},
  year = {2004},
  publisher = {C/O DR HC HO, INST STATISTICAL SCIENCE, ACADEMIA SINICA, TAIPEI 115, TAIWAN},
}


@article{buishand1982some,
  title = {{Some methods for testing the homogeneity of rainfall records}},
  author = {Buishand, Tjerk Adriaan},
  journal = {Journal of Hydrology},
  volume = {58},
  number = {1},
  pages = {11--27},
  year = {1982},
  publisher = {Elsevier},
}


@article{Marone_1998,
  doi = {10.1146/annurev.earth.26.1.643},
  url = {http://dx.doi.org/10.1146/annurev.earth.26.1.643},
  year = {1998},
  month = {May},
  publisher = {Annual Reviews},
  volume = {26},
  number = {1},
  pages = {643-696},
  author = {Chris Marone},
  title = {{LABORATORY-DERIVED FRICTION LAWS AND THEIR APPLICATION TO SEISMIC FAULTING}},
  journal = {Annual Review of Earth and Planetary Sciences},
}


@article{Byerlee_Brace_1969,
  title = {{High-Pressure Mechanical Instability in Rocks}},
  volume = {164},
  issn = {1095-9203},
  url = {http://dx.doi.org/10.1126/science.164.3880.713},
  doi = {10.1126/science.164.3880.713},
  number = {3880},
  journal = {Science},
  publisher = {American Association for the Advancement of Science (AAAS)},
  author = {Byerlee J. D. and Brace, W. F.},
  year = {1969},
  month = {May},
  pages = {713{\textendash}715},
}


@article{Brace_Byerlee_1969,
  title = {{Mechanical instabilities observed in laboratory experiments on rocks}},
  volume = {50},
  issn = {0096-3941},
  url = {http://dx.doi.org/10.1029/eo050i005p00400-05},
  doi = {10.1029/eo050i005p00400-05},
  number = {5},
  journal = {Eos Trans. AGU},
  publisher = {Wiley-Blackwell},
  author = {Brace, W. F. and Byerlee, J. D.},
  year = {1969},
  pages = {400},
}


@article{Johnson_2013,
  title = {{Acoustic emission and microslip precursors to stick-slip failure in sheared granular material}},
  volume = {40},
  issn = {0094-8276},
  url = {http://dx.doi.org/10.1002/2013GL057848},
  doi = {10.1002/2013gl057848},
  number = {21},
  journal = {Geophys. Res. Lett.},
  publisher = {Wiley-Blackwell},
  author = {Johnson, P. A. and Ferdowsi, B. and Kaproth, B. M. and Scuderi, M. and Griffa, M. and Carmeliet, J. and Guyer, R. A. and Le Bas, P-Y. and Trugman, D. T. and Marone, C.},
  year = {2013},
  month = {Nov},
  pages = {5627{\textendash}5631},
}


@article{Ikari_2011,
  title = {{On the relation between fault strength and frictional stability}},
  volume = {39},
  issn = {1943-2682},
  url = {http://dx.doi.org/10.1130/G31416.1},
  doi = {10.1130/g31416.1},
  number = {1},
  journal = {Geology},
  publisher = {Geological Society of America},
  author = {Ikari, M. J. and Marone, C. and Saffer, D. M.},
  year = {2011},
  month = {Jan},
  pages = {83{\textendash}86},
}


@article{Rice_1983,
  title = {{Earthquake aftereffects and triggered seismic phenomena}},
  volume = {121},
  issn = {1420-9136},
  url = {http://dx.doi.org/10.1007/bf02590135},
  doi = {10.1007/bf02590135},
  number = {2},
  journal = {PAGEOPH},
  publisher = {Springer Science + Business Media},
  author = {Rice, James R. and Gu, Ji-cheng},
  year = {1983},
  month = {Apr},
  pages = {187{\textendash}219},
}


@article{gu1984slip,
  title = {{Slip motion and stability of a single degree of freedom elastic system with rate and state dependent friction}},
  author = {Gu, Ji-Cheng and Rice, James R and Ruina, Andy L and Tse, Simon T},
  journal = {Journal of the Mechanics and Physics of Solids},
  volume = {32},
  number = {3},
  pages = {167--196},
  year = {1984},
  publisher = {Elsevier},
}


@article{Leeman_2014,
  title = {{On the origin and evolution of electrical signals during frictional stick slip in sheared granular material}},
  issn = {2169-9313},
  url = {http://dx.doi.org/10.1002/2013jb010793},
  doi = {10.1002/2013jb010793},
  journal = {Journal of Geophysical Research: Solid Earth},
  publisher = {Wiley-Blackwell},
  author = {Leeman, J. R. and Scuderi, M. M. and Marone, C. and Saffer, D. M. and Shinbrot, T.},
  year = {2014},
  month = {May},
  pages = {n/a{\textendash}n/a},
}


@article{Richardson_1999,
  title = {{Effects of normal stress vibrations on frictional healing}},
  volume = {104},
  issn = {0148-0227},
  url = {http://dx.doi.org/10.1029/1999jb900320},
  doi = {10.1029/1999jb900320},
  number = {B12},
  journal = {Journal of Geophysical Research},
  publisher = {Wiley-Blackwell},
  author = {Richardson, Eliza and Marone, Chris},
  year = {1999},
  pages = {28859},
}


@article{rice1983constitutive,
  title = {{Constitutive relations for fault slip and earthquake instabilities}},
  author = {Rice, James R},
  journal = {Pure and applied geophysics},
  volume = {121},
  number = {3},
  pages = {443--475},
  year = {1983},
  publisher = {Springer},
}


@article{Marone_1993,
  title = {{Scaling of the critical slip distance for seismic faulting with shear strain in fault zones}},
  volume = {362},
  issn = {0028-0836},
  url = {http://dx.doi.org/10.1038/362618a0},
  doi = {10.1038/362618a0},
  number = {6421},
  journal = {Nature},
  publisher = {Nature Publishing Group},
  author = {Marone, Chris and Kilgore, Brian},
  year = {1993},
  month = {Apr},
  pages = {618{\textendash}621},
}


@article{Jaeger_1971,
  title = {{Friction of Rocks and Stability of Rock Slopes}},
  volume = {21},
  issn = {1751-7656},
  url = {http://dx.doi.org/10.1680/geot.1971.21.2.97},
  doi = {10.1680/geot.1971.21.2.97},
  number = {2},
  journal = {G{\'{e}}otechnique},
  publisher = {Thomas Telford Ltd.},
  author = {Jaeger, J. C.},
  year = {1971},
  month = {Jan},
  pages = {97{\textendash}134},
}


@article{Brace_1966,
  title = {{Stick-Slip as a Mechanism for Earthquakes}},
  volume = {153},
  issn = {1095-9203},
  url = {http://dx.doi.org/10.1126/science.153.3739.990},
  doi = {10.1126/science.153.3739.990},
  number = {3739},
  journal = {Science},
  publisher = {American Association for the Advancement of Science (AAAS)},
  author = {Brace, W. F. and Byerlee, J. D.},
  year = {1966},
  month = {Aug},
  pages = {990{\textendash}992},
}


@article{Baumberger_1999,
  title = {{Physical analysis of the state- and rate-dependent friction law. II. Dynamic friction}},
  volume = {60},
  issn = {1095-3795},
  url = {http://dx.doi.org/10.1103/physrevb.60.3928},
  doi = {10.1103/physrevb.60.3928},
  number = {6},
  journal = {Phys. Rev. B},
  publisher = {American Physical Society (APS)},
  author = {Baumberger, T. and Berthoud, P.},
  year = {1999},
  month = {Aug},
  pages = {3928{\textendash}3939},
}


@inproceedings{bayart2006evolution,
  title = {{Evolution of fault friction following large velocity jumps}},
  author = {Bayart, E and Rubin, AM and Marone, C},
  booktitle = {AGU Fall Meeting Abstracts},
  volume = {1},
  pages = {0180},
  year = {2006},
}


@article{loganl1992fabrics,
  title = {{Fabrics of Experimental Fault Zones: Their Development and Relationship to Mechanical Behavior}},
  author = {Logan, JM and Dengoz, CA and Higgs, NG and Wang, ZZ},
  journal = {Fault Mechanics and Transport Properties of Rocks},
  volume = {51},
  pages = {33},
  year = {1992},
  publisher = {Academic Press},
}
